
@Misc{DMTN-136,
  author = {Gregory Dubois-Felsmann},
   title = "{LSST Science Platform Portal Aspect Design and Maintenance Manual (Draft)}",
    year = 2020,
  handle = {DMTN-136},
     url = {https://dmtn-136.lsst.io/v/DM-21922/index.html}
}

@Misc{DMTN-133,
  author = {Tim Jenness},
   title = "{OCS driven data processing (Draft)}",
    year = 2019,
  handle = {DMTN-133},
     url = {https://dmtn-133.lsst.io/}
}

@Misc{DMTN-103,
  author = {Kian-Tat Lim},
   title = "{LSST Science Platform Deployments (Draft)}",
    year = 2019,
  handle = {DMTN-103},
     url = {https://dmtn-103.lsst.io/}
}

@Misc{DMTN-090,
  author = {Christine Banek},
   title = "{DAX Webservice Implementation Guide (Draft)}",
    year = 2019,
  handle = {DMTN-090},
     url = {https://dmtn-090.lsst.io/}
}

@Misc{DMTN-018,
  author = {Andy Salnikov},
   title = "{Re-visiting L1 Database Design (Draft)}",
    year = 2016,
  handle = {DMTN-018},
     url = {https://dmtn-018.lsst.io/}
}

@Misc{DMTN-022,
  author = {Andy Salnikov},
   title = "{Tracks to optimize Qserv containers deployment and orchestration (Draft)}",
    year = 2016,
  handle = {DMTN-022},
     url = {https://dmtn-022.lsst.io/}
}
